<?xml version="1.0" encoding="UTF-8"?><record xmlns="http://www.loc.gov/MARC21/slim" xmlns:cinclude="http://apache.org/cocoon/include/1.0" xmlns:zs="http://www.loc.gov/zing/srw/">
  <leader>00438cz  a2200121n  4500</leader>
  <controlfield tag="001">n 2001059854</controlfield>
  <controlfield tag="003">DLC</controlfield>
  <controlfield tag="005">20010906124753.0</controlfield>
  <controlfield tag="008">010228n| acannaabn          |n aaa      </controlfield>
  <datafield tag="010" ind1=" " ind2=" ">
    <subfield code="a">n 2001059854</subfield>
  </datafield>
  <datafield tag="040" ind1=" " ind2=" ">
    <subfield code="a">DLC</subfield>
    <subfield code="b">eng</subfield>
    <subfield code="c">DLC</subfield>
    <subfield code="d">DLC</subfield>
  </datafield>
  <datafield tag="100" ind1="1" ind2=" ">
    <subfield code="a">Farnsworth, Sarah Roach,</subfield>
    <subfield code="d">1874-1968</subfield>
  </datafield>
  <datafield tag="670" ind1=" " ind2=" ">
    <subfield code="a">NUCMC data from Daughters of the Republic of Texas (San Antonio, Tex.) for Her Papers, 1907-1947</subfield>
    <subfield code="b">(Sarah Roach Farnsworth, 1874-1968; civic leader of Texas)</subfield>
  </datafield>
</record>